@article{naveed2023comprehensive,
	title={A comprehensive overview of large language models},
	author={Naveed, Humza and Khan, Asad Ullah and Qiu, Shi and Saqib, Muhammad and Anwar, Saeed and Usman, Muhammad and Akhtar, Naveed and Barnes, Nick and Mian, Ajmal},
	journal={arXiv preprint arXiv:2307.06435},
	year={2023}
}
@article{sakib2023chatgpt,
	title={What is ChatGPT},
	author={Sakib, Md Sakibul Islam},
	journal={ResearchGate},
	year={2023}
}
@article{lee2023rlaif,
	title={Rlaif: Scaling reinforcement learning from human feedback with ai feedback},
	author={Lee, Harrison and Phatale, Samrat and Mansoor, Hassan and Lu, Kellie Ren and Mesnard, Thomas and Ferret, Johan and Bishop, Colton and Hall, Ethan and Carbune, Victor and Rastogi, Abhinav},
	year={2023}
}
@article{cave2019hopes,
	title={Hopes and fears for intelligent machines in fiction and reality},
	author={Cave, Stephen and Dihal, Kanta},
	journal={Nature machine intelligence},
	volume={1},
	number={2},
	pages={74--78},
	year={2019},
	publisher={Nature Publishing Group UK London}
}
@article{xu2024distinguishing,
	title={Distinguishing LLM-generated from Human-written Code by Contrastive Learning},
	author={Xu, Xiaodan and Ni, Chao and Guo, Xinrong and Liu, Shaoxuan and Wang, Xiaoya and Liu, Kui and Yang, Xiaohu},
	journal={ACM Transactions on Software Engineering and Methodology},
	year={2024},
	publisher={ACM New York, NY}
}
@article{guo2022unixcoder,
	title={Unixcoder: Unified cross-modal pre-training for code representation},
	author={Guo, Daya and Lu, Shuai and Duan, Nan and Wang, Yanlin and Zhou, Ming and Yin, Jian},
	journal={arXiv preprint arXiv:2203.03850},
	year={2022}
}
@article{gurioli2024you,
	title={Is This You, LLM? Recognizing AI-written Programs with Multilingual Code Stylometry},
	author={Gurioli, Andrea and Gabbrielli, Maurizio and Zacchiroli, Stefano},
	journal={arXiv preprint arXiv:2412.14611},
	year={2024}
}
@article{rane2024gemini,
	title={Gemini versus ChatGPT: applications, performance, architecture, capabilities, and implementation},
	author={Rane, Nitin and Choudhary, Saurabh and Rane, Jayesh},
	journal={Journal of Applied Artificial Intelligence},
	volume={5},
	number={1},
	pages={69--93},
	year={2024}
}
@article{oedingen2024chatgpt,
	title={Chatgpt code detection: Techniques for uncovering the source of code},
	author={Oedingen, Marc and Engelhardt, Raphael C and Denz, Robin and Hammer, Maximilian and Konen, Wolfgang},
	journal={arXiv preprint arXiv:2405.15512},
	year={2024}
}
@article{bhattacharjee2024fighting,
	title={Fighting fire with fire: can ChatGPT detect AI-generated text?},
	author={Bhattacharjee, Amrita and Liu, Huan},
	journal={ACM SIGKDD Explorations Newsletter},
	volume={25},
	number={2},
	pages={14--21},
	year={2024},
	publisher={ACM New York, NY, USA}
}
@article{goel2024using,
	title={Using text embedding models as text classifiers with medical data},
	author={Goel, Rishabh},
	journal={arXiv preprint arXiv:2402.16886},
	year={2024}
}
@inproceedings{yang2023diffusion,
	title={Diffusion probabilistic model made slim},
	author={Yang, Xingyi and Zhou, Daquan and Feng, Jiashi and Wang, Xinchao},
	booktitle={Proceedings of the IEEE/CVF Conference on computer vision and pattern recognition},
	pages={22552--22562},
	year={2023}
}
@inproceedings{aperdannier2024systematic,
	title={Systematic evaluation of different approaches on embedding search},
	author={Aperdannier, Roman and Koeppel, Melanie and Unger, Tamina and Schacht, Sigurd and Barkur, Sudarshan Kamath},
	booktitle={Future of Information and Communication Conference},
	pages={526--536},
	year={2024},
	organization={Springer}
}